@book{lewis2016self,
  title={Self-Aware Computing Systems},
  author={Lewis, Peter R and Platzner, Marco and Rinner, Bernhard and T{\o}rresen, Jim and Yao, Xin},
  year={2016},
  publisher={Springer}
}

@inproceedings{diaconescu2018self,
  title={Self-integrating Organic Control Systems: from Crayfish to Smart Homes},
  author={Diaconescu, Ada and Mata, Pembe and Bellman, Kirstie},
  booktitle={ARCS Workshop 2018; 31th International Conference on Architecture of Computing Systems},
  pages={1--8},
  year={2018},
  organization={VDE}
}

@incollection{dessalles2015conceptual,
  title={From conceptual spaces to predicates},
  author={Dessalles, Jean-Louis},
  booktitle={Applications of Conceptual Spaces},
  pages={17--31},
  year={2015},
  publisher={Springer}
}

@article{diaconescu2018hierarchical,
  title={Hierarchical Self-awareness and Authority for Scalable Self-integrating Systems},
  author={Diaconescu, Ada and Porter, Barry Francis and Rodrigues Filho, Roberto Vito and Pournaras, Evangelos},
  year={2018},
  publisher={IEEE}
}

@article{marcus2018innateness,
  title={Innateness, AlphaZero, and Artificial Intelligence},
  author={Marcus, Gary},
  journal={arXiv preprint arXiv:1801.05667},
  year={2018}
}

@article{belle2018reasoning,
  title={Reasoning about discrete and continuous noisy sensors and effectors in dynamical systems},
  author={Belle, Vaishak and Levesque, Hector J},
  journal={Artificial Intelligence},
  volume={262},
  pages={189--221},
  year={2018},
  publisher={Elsevier}
}

@article{besold2018and,
  title={The What, the Why, and the How of Artificial Explanations in Automated Decision-Making},
  author={Besold, Tarek R and Uckelman, Sara L},
  journal={arXiv preprint arXiv:1808.07074},
  year={2018}
}

@article{silver2017mastering,
  title={Mastering the game of Go without human knowledge},
  author={Silver, David and Schrittwieser, Julian and Simonyan, Karen and Antonoglou, Ioannis and Huang, Aja and Guez, Arthur and Hubert, Thomas and Baker, Lucas and Lai, Matthew and Bolton, Adrian and others},
  journal={Nature},
  volume={550},
  number={7676},
  pages={354},
  year={2017},
  publisher={Nature Publishing Group}
}

@book{russell2016artificial,
  title={Artificial intelligence: a modern approach},
  author={Russell, Stuart J and Norvig, Peter},
  year={2016},
  publisher={Malaysia; Pearson Education Limited,}
}

@book{gardenfors2004conceptual,
  title={Conceptual spaces: The geometry of thought},
  author={G{\"a}rdenfors, Peter},
  year={2004},
  publisher={MIT press}
}

@article{dessalles2008computational,
  title={A computational model of argumentation in everyday conversation: A problem-centred approach},
  author={Dessalles, Jean-Louis},
  journal={FRONTIERS IN ARTIFICIAL INTELLIGENCE AND APPLICATIONS},
  volume={172},
  pages={128},
  year={2008},
  publisher={IOS Press}
}

@inproceedings{amarasinghe2018toward,
  title={Toward Explainable Deep Neural Network Based Anomaly Detection},
  author={Amarasinghe, Kasun and Kenney, Kevin and Manic, Milos},
  booktitle={2018 11th International Conference on Human System Interaction (HSI)},
  pages={311--317},
  year={2018},
  organization={IEEE}
}

@inproceedings{dovsilovic2018explainable,
  title={Explainable artificial intelligence: A survey},
  author={Do{\v{s}}ilovi{\'c}, Filip Karlo and Br{\v{c}}i{\'c}, Mario and Hlupi{\'c}, Nikica},
  booktitle={2018 41st International Convention on Information and Communication Technology, Electronics and Microelectronics (MIPRO)},
  pages={0210--0215},
  year={2018},
  organization={IEEE}
}

@inproceedings{zimmermann2017user,
  title={User Needs and Wishes in Smart Homes: What Can Artificial Intelligence Contribute?},
  author={Zimmermann, Gottfried and Ableitner, Tobias and Strobbe, Christophe},
  booktitle={Pervasive Systems, Algorithms and Networks \& 2017 11th International Conference on Frontier of Computer Science and Technology \& 2017 Third International Symposium of Creative Computing (ISPAN-FCST-ISCC), 2017 14th International Symposium on},
  pages={449--453},
  year={2017},
  organization={IEEE}
}

@INPROCEEDINGS{mohamed2017conflict,
author={R. Mohamed and T. Perumal and M. N. Sulaiman and N. Mustapha and M. N. Razali},
booktitle={2017 IEEE 6th Global Conference on Consumer Electronics (GCCE)},
title={Conflict resolution using enhanced label combination method for complex activity recognition in smart home environment},
year={2017},
volume={},
number={},
pages={1-3},
keywords={home automation;learning (artificial intelligence);pattern classification;smart home environment;resident living;multiresident activity;complexity level;human activity;resident interaction;ambient-based type sensors;sensors type;complex activity recognition;multiresident scenario;smart home setting;smart home datasets;multilabel classification technique;enhanced label combination method;conflict resolution;autonomous ambient intelligence system;Activity recognition;Smart homes;Classification algorithms;Intelligent sensors;Feature extraction;conflict resolution;multi-label classification;smart home environment;multi-resident;complex activity recognition},
doi={10.1109/GCCE.2017.8229477},
ISSN={},
month={Oct},}

@INPROCEEDINGS{kaptein2017emotion,
author={F. Kaptein and J. Broekens and K. Hindriks and M. Neerincx},
booktitle={2017 Seventh International Conference on Affective Computing and Intelligent Interaction Workshops and Demos (ACIIW)},
title={The role of emotion in self-explanations by cognitive agents},
year={2017},
volume={},
number={},
pages={88-93},
keywords={artificial intelligence;cognition;emotion recognition;multi-agent systems;software agents;cognitive agents;intelligent agents;explainable AI;humans understandable manner;explanation;emotion words;artificial intelligence systems;emotion-aware explainable artificial intelligence;EXAI;cognitive appraisal theory;Artificial intelligence;Appraisal;Computational modeling;Training;Psychology;Games;Cognition},
doi={10.1109/ACIIW.2017.8272595},
ISSN={},
month={Oct},}

@article{blier2017universal,
  title={Universal Compression Bounds and Deep Learning},
  author={Blier, L{\'e}onard and Ollivier, Yann},
  year={2017}
}

@article{blierdescription,
  title={The Description Length of Deep Learning Models},
  author={Blier, L{\'e}onard and Ollivier, Yann}
}